@BOOK{Lowry,
title={Online Payment Gateways Used to Facilitate E-Commerce Transactions and Improve Risk Management},
author={Lowry, Paul Benjamin and Wells, Taylor Michael and Moody, Gregory D and Humphreys, Sean and Kettles, Degan},
publisher={Communications of the Association for Information Systems (CAIS)},
year={2006},
,
}
